@book{Anderson2008sea,
  author={Anderson, Ross J.},
  title={Security Engineering},
  subtitle={A guide to building dependable distributed systems},
  publisher={Wiley},
  address={Indianapolis, IN},
  year={2008},
  edition={2},
  ISBN={978-0-470-06852-6 (hbk.)},
  URL={http://www.cl.cam.ac.uk/~rja14/book.html},
  keywords={IT-s{\"a}kerhet},
}

@article{schneier1999secure,
  title={Secure audit logs to support computer forensics},
  author={Schneier, Bruce and Kelsey, John},
  journal={ACM Transactions on Information and System Security (TISSEC)},
  volume={2},
  number={2},
  pages={159--176},
  year={1999},
  publisher={ACM}
}
